<record><leader>00000cas a22000007a 4500</leader><controlfield tag="001">9860672</controlfield><controlfield tag="008">830830d18511876nyudn ne      0    0eng d</controlfield><datafield ind1=" " ind2=" " tag="010"><subfield code="a">sn 83031333 </subfield></datafield><datafield ind1=" " ind2=" " tag="040"><subfield code="a">NPU</subfield><subfield code="b">eng</subfield><subfield code="c">NPU</subfield><subfield code="d">NPX</subfield><subfield code="d">NPY</subfield><subfield code="d">NYS</subfield><subfield code="d">OCL</subfield><subfield code="d">NYS</subfield><subfield code="d">OCLCQ</subfield><subfield code="d">OCLCF</subfield><subfield code="d">OCLCO</subfield></datafield><datafield ind1="1" ind2=" " tag="029"><subfield code="a">AU@</subfield><subfield code="b">000020227112</subfield></datafield><datafield ind1=" " ind2=" " tag="042"><subfield code="a">msc</subfield></datafield><datafield ind1=" " ind2=" " tag="043"><subfield code="a">n-us-ny</subfield></datafield><datafield ind1="0" ind2=" " tag="130"><subfield code="a">Hudson daily star (Hudson, N.Y. : 1851)</subfield></datafield><datafield ind1="1" ind2="0" tag="245"><subfield code="a">Hudson daily star.</subfield></datafield><datafield ind1=" " ind2=" " tag="260"><subfield code="a">Hudson [N.Y.] :</subfield><subfield code="b">Alex. N. Webb</subfield></datafield><datafield ind1=" " ind2=" " tag="300"><subfield code="a">v. ;</subfield><subfield code="c">56-61 cm.</subfield></datafield><datafield ind1=" " ind2=" " tag="310"><subfield code="a">Daily (except Sunday)</subfield></datafield><datafield ind1="1" ind2=" " tag="362"><subfield code="a">Began in 1851.</subfield></datafield><datafield ind1="1" ind2=" " tag="362"><subfield code="a">Ceased with Apr. 29, 1876 issue.</subfield><subfield code="z">Cf. Gregory, W. Amer. newspapers.</subfield></datafield><datafield ind1=" " ind2=" " tag="500"><subfield code="a">"It shines for all."</subfield></datafield><datafield ind1=" " ind2=" " tag="500"><subfield code="a">Editors: Alexander N. Webb, &lt;1851-1873&gt;; Byron G. Howard, &lt;1873&gt;.</subfield></datafield><datafield ind1=" " ind2=" " tag="500"><subfield code="a">Publishers: Goeltz &amp; Webb, &lt;1875&gt;.</subfield></datafield><datafield ind1=" " ind2=" " tag="580"><subfield code="a">Weekly ed.: Hudson weekly star.</subfield></datafield><datafield ind1=" " ind2=" " tag="588"><subfield code="a">Description based on: Vol. 8, no. 2349 (June 11, 1855).</subfield></datafield><datafield ind1=" " ind2=" " tag="588"><subfield code="a">Latest issue consulted: Vol. 28, no. 8793 (Dec. 30, 1875).</subfield></datafield><datafield ind1=" " ind2="0" tag="651"><subfield code="a">Hudson (N.Y.)</subfield><subfield code="v">Newspapers.</subfield></datafield><datafield ind1=" " ind2="7" tag="655"><subfield code="a">Newspapers.</subfield><subfield code="2">fast</subfield><subfield code="0">(OCoLC)fst01423814</subfield></datafield><datafield ind1=" " ind2="7" tag="651"><subfield code="a">New York (State)</subfield><subfield code="z">Hudson.</subfield><subfield code="2">fast</subfield><subfield code="0">(OCoLC)fst01208091</subfield></datafield><datafield ind1=" " ind2=" " tag="752"><subfield code="a">United States</subfield><subfield code="b">New York</subfield><subfield code="c">Columbia</subfield><subfield code="d">Hudson.</subfield></datafield><datafield ind1="1" ind2=" " tag="775"><subfield code="t">Hudson weekly star</subfield><subfield code="w">(DLC)sn 85026692</subfield><subfield code="w">(OCoLC)12373372</subfield></datafield><datafield ind1="0" ind2="0" tag="780"><subfield code="t">Daily star (Hudson, N.Y.)</subfield><subfield code="w">(DLC)sn 92061446</subfield><subfield code="w">(OCoLC)25044228</subfield></datafield><datafield ind1="0" ind2="0" tag="785"><subfield code="t">Hudson daily Republican</subfield><subfield code="w">(DLC)sn 85026689</subfield><subfield code="w">(OCoLC)12373437</subfield></datafield></record>